@INPROCEEDINGS{Brown1997, 
	author={Brown, C.P. and Duda, R.O.}, 
	booktitle={Applications of Signal Processing to Audio and Acoustics, 1997. 1997 IEEE ASSP Workshop on}, 
	title={An efficient HRTF model for 3-D sound}, 
	year={1997}, 
	pages={4 pp.-}, 
	keywords={acoustic signal processing;architectural acoustics;audio signals;signal synthesis;transfer functions;3D sound;HRTF model;binaural sound synthesis;externalization effects;horizontal effects;listening tests;model parameters;monaural source;real-time multisource operation;room model;signal processing model;vertical effects;Acoustic diffraction;Auditory displays;Azimuth;Computer displays;Ear;Educational institutions;Humans;Psychoacoustic models;Signal processing;Torso}, 
	doi={10.1109/ASPAA.1997.625596}, 
	month={Oct},
	}


@misc{HowTo,
    author    = {Johannes M. Zmoelnig},
    title     = {HOWTO write an External for puredata},
    year     = {2010},
    note     = {http://pdstatic.iem.at/externals-HOWTO/},
}

@article{Woodworth,
   author = "Aaronson, Neil L. and Hartmann, William M.",
   title = "Testing, correcting, and extending the Woodworth model for interaural time difference",
   journal = "The Journal of the Acoustical Society of America",
   year = "2014",
   volume = "135",
   number = "2", 
   eid = {},
   pages = "817-823",
   url = "http://scitation.aip.org/content/asa/journal/jasa/135/2/10.1121/1.4861243",
   doi = "http://dx.doi.org/10.1121/1.4861243" 
}

@misc{AnalysingLop,
    author    = {P.M. Delgado},
    title     = {First steps on Pure Dataâ€™s approach to real time audio processing. Compiling externals. Analysing lop~},
    note     = {https://pmdelgado.wordpress.com/2015/09/17/first-steps-on-pure-datas-approach-to-real-time-audio-processing-compiling-externals-analysing-lop/},
}

@misc{DeWinter2013,
    author    = {??},
    title     = {??},
    note     = {??},
}

@misc{Rasch2014,
    author    = {??},
    title     = {??},
    note     = {??},
}

article{Brown1998,
    author    = {C. Philip Brown and Richard O. Duda},
    title     = {An efficien HRTF model for 3-D sound},
    journal   = {},
    volume    = {},
    number    = {},
    pages     = {},
    year      = {},
    month    = {},
    note     = {},
}

inproceedings{Brown1998,
	author		= {C. Philip Brown and Richard O. Duda},
	title		= {An efficien HRTF model for 3-D sound},
	booktitle	= "",
	%editor		= "",
	%volume		= "",
	%number		= "",
	%series		= "",
	%pages		= "",
	%address	= "",
	%organization	= "",
	%publisher	= "",
	year		= "",
	%month		= "",
	%note		= "",
}



book{Xbook,
    author    = {},
    title     = {},
    publisher = {},
    %volume   = {},
    %number   = {},
    %series   = {},
    %address  = {},
    %edition  = {},
    year      = {XXXX},
    %month    = {},
    %note     = {},
}

mastersthesis{Xthesis,
    author    = "",
    title     = "",
    school    = "",
    %type     = "diploma thesis",
    %address  = "",
    year      = "XXXX",
    %month    = "",
    %note     = "",
}

article{Xarticle,
    author    = {},
    title     = {},
    journal   = {},
    volume    = {},
    number    = {},
    pages     = {},
    year      = {},
    month    = {},
    note     = {},
}
